@misc{scipy-convolve,
  Author = {SciPy},
  Title  = {\emph{SciPy ndimage Filters Convolve}},
  Note   = {URL: \url{http://www.forestry.ubc.ca/conservation/power/} [Accessed: 27-03-2019]},
  Year = {2015}
}

@misc{opencv,
  Author = {OpenCV},
  Title  = {\emph{OpenCV Library}},
  Note   = {URL: \url{https://opencv.org/} [Accessed: 27-03-2019]},
  Year = {2019}
}

@misc{numpy,
  Author = {NumPy},
  Title  = {\emph{NumPy}},
  Note   = {URL: \url{https://www.numpy.org/} [Accessed: 27-03-2019]},
  Year = {2018}
}

@misc{matplotlib,
  Author = {Matplotlib},
  Title  = {\emph{Matplotlib}},
  Note   = {URL: \url{https://matplotlib.org/} [Accessed: 27-03-2019]},
  Year = {2019}
}